@InProceedings{kimhongohlee2018, 
	author={Drago\c{s} Gavrilu\c{t}, Mihai Cimpoe\c{s}u, Dan Anton and Liviu Ciortuz}, 
	booktitle={Computation World: Future Computing, Service Computation, Cognitive, Adaptive, Content, Patterns}, 
	title={Malware Detection Using Perceptrons and Support Vector Machines}, 
	year={2009},
        url={https://ieeexplore.ieee.org/document/5359599/}
}